<record><leader>00000cas a22000007a 4500</leader><controlfield tag="001">11912686</controlfield><controlfield tag="008">850412d18961910ohuwr ne      0    0eng d</controlfield><datafield ind1=" " ind2=" " tag="010"><subfield code="a">sn 85038206 </subfield></datafield><datafield ind1=" " ind2=" " tag="040"><subfield code="a">NPY</subfield><subfield code="b">eng</subfield><subfield code="c">NPY</subfield><subfield code="d">ONP</subfield><subfield code="d">OCLCQ</subfield></datafield><datafield ind1=" " ind2=" " tag="042"><subfield code="a">msc</subfield></datafield><datafield ind1="0" ind2="4" tag="245"><subfield code="a">The Miami gazette and Waynesville news.</subfield></datafield><datafield ind1=" " ind2=" " tag="260"><subfield code="a">Waynesville, O. [Ohio] :</subfield><subfield code="b">Thos. J. Brown,</subfield><subfield code="c">-1910.</subfield></datafield><datafield ind1=" " ind2=" " tag="300"><subfield code="a">v. :</subfield><subfield code="b">ill. ;</subfield><subfield code="c">60 cm.</subfield></datafield><datafield ind1=" " ind2=" " tag="310"><subfield code="a">Weekly</subfield></datafield><datafield ind1="1" ind2=" " tag="362"><subfield code="a">Began in 1896.</subfield><subfield code="z">Cf. Gutgesell, S. Guide to Ohio newspapers, 1974.</subfield></datafield><datafield ind1="0" ind2=" " tag="362"><subfield code="a">-61st year, whole no. 3084 (Nov. 30, 1910).</subfield></datafield><datafield ind1=" " ind2=" " tag="500"><subfield code="a">Published on Wednesday.</subfield></datafield><datafield ind1=" " ind2=" " tag="588"><subfield code="a">Description based on: Vol. 37, no. 31 (Jan. 6, 1897).</subfield></datafield><datafield ind1=" " ind2=" " tag="752"><subfield code="a">United States</subfield><subfield code="b">Ohio</subfield><subfield code="c">Warren</subfield><subfield code="d">Waynesville.</subfield></datafield><datafield ind1="0" ind2="4" tag="780"><subfield code="t">Miami gazette (Waynesville, Ohio : 1880)</subfield><subfield code="w">(DLC)sn 88077489</subfield></datafield><datafield ind1="0" ind2="4" tag="780"><subfield code="t">Waynesville news (Waynesville, Ohio : 1884)</subfield><subfield code="w">(DLC)sn 88077490</subfield></datafield><datafield ind1="0" ind2="0" tag="785"><subfield code="t">Miami gazette (Waynesville, Ohio : 1910)</subfield><subfield code="w">(DLC)sn 88077491</subfield></datafield></record>